@article{golder2006usage,
  title={Usage patterns of collaborative tagging systems},
  author={Golder, Scott A and Huberman, Bernardo A},
  journal={Journal of information science},
  volume={32},
  number={2},
  pages={198--208},
  year={2006},
  publisher={Sage Publications}
}

@article{lamere2008social,
  title={Social tagging and music information retrieval},
  author={Lamere, Paul},
  journal={Journal of New Music Research},
  volume={37},
  number={2},
  pages={101--114},
  year={2008},
  publisher={Taylor \& Francis}
}

@article{fischman1994randomized,
  title={A randomized comparison of coronary-stent placement and balloon angioplasty in the treatment of coronary artery disease},
  author={Fischman, David L and Leon, Martin B and Baim, Donald S and Schatz, Richard A and Savage, Michael P and Penn, Ian and Detre, Katherine and Veltri, Lisa and Ricci, Donald and Nobuyoshi, Masakiyo and others},
  journal={New England Journal of Medicine},
  volume={331},
  number={8},
  pages={496--501},
  year={1994},
  publisher={Mass Medical Soc}
}

@inproceedings{stupar2011picasso,
  title={Picasso-to sing, you must close your eyes and draw},
  author={Stupar, Aleksandar and Michel, Sebastian},
  booktitle={Proceedings of the 34th international ACM SIGIR conference on Research and development in Information Retrieval},
  pages={715--724},
  year={2011},
  organization={ACM}
}

@article{cowie2001emotion,
  title={Emotion recognition in human-computer interaction},
  author={Cowie, Roddy and Douglas-Cowie, Ellen and Tsapatsoulis, Nicolas and Votsis, George and Kollias, Stefanos and Fellenz, Winfried and Taylor, John G},
  journal={Signal Processing Magazine, IEEE},
  volume={18},
  number={1},
  pages={32--80},
  year={2001},
  publisher={IEEE}
}

@article{typke2005survey,
  title={A survey of music information retrieval systems},
  author={Typke, Rainer and Wiering, Frans and Veltkamp, Remco C},
  year={2005},
  publisher={Queen Mary, University of London}
}

@incollection{adomavicius2011context,
  title={Context-aware recommender systems},
  author={Adomavicius, Gediminas and Tuzhilin, Alexander},
  booktitle={Recommender Systems Handbook},
  pages={217--253},
  year={2011},
  publisher={Springer}
}

@MISC{website:mediaeval,
  title={MediaEval Benchmark 2013},
  author={MediaEval Multimedia Benchmark},
  year={2013},
  url = {http://www.multimediaeval.org/mediaeval2013/soundtrack2013/index.html}
}

@misc{website:sounds_familiar,
      author = "http://www.sounds-familiar.info",
      title = "Sounds Familiar",
      month = "March",
      year = "2013",
      url = "http://www.sounds-familiar.info/tvadsp.php"
}

@misc{website:admusicdb,
      author = "AdMusicDB",
      title = "ADmusicDB - TV Commercial Music and Song Database",
      month = "November",
      year = "2013",
      url = "http://admusicdb.com/ads"
}

@INPROCEEDINGS{schedl_etal:mmsys:2013,
    Address        = {Oslo, Norway},
    Author         = {Markus Schedl and Cynthia C.S. Liem and Geoffroy Peeters and Nicola Orio},
    Booktitle      = {{Proceedings of the 4th ACM Multimedia Systems Conference (MMSys 2013)}},
    Month          = {February--March},
    Title          = {{A Professionally Annotated and Enriched Multimodal Data Set on Popular Music}},
    Year           = {2013}
}

@article{kaminskas2012contextual,
  title={Contextual music information retrieval and recommendation: state of the art and challenges},
  author={Kaminskas, Marius and Ricci, Francesco},
  journal={Computer Science Review},
  year={2012},
  publisher={Elsevier}
}

@article{schwarz2000emotion,
  title={Emotion, cognition, and decision making},
  author={Schwarz, Norbert},
  journal={Cognition \& Emotion},
  volume={14},
  number={4},
  pages={433--440},
  year={2000},
  publisher={Taylor \& Francis}
}

@article{bechara2004role,
  title={The role of emotion in decision-making: evidence from neurological patients with orbitofrontal damage},
  author={Bechara, Antoine and others},
  journal={Brain and cognition},
  volume={55},
  number={1},
  pages={30--40},
  year={2004},
  publisher={Elsevier Science}
}

@book{reynolds2001understanding,
  title={Understanding consumer decision making: the means-end approach to marketing and advertising strategy},
  author={Reynolds, Thomas J and Olson, Jerry C},
  year={2001},
  publisher={Psychology Press}
}
